@Book{author00,
  author =   {Donald Norman},
  title =    {The Design of Everyday Things: Revised and Expanded Edition},
  publisher =    {Basic Books},
  year =     2013}

