@Book{norman,
  author =   {Donald Norman},
  title =    {The Design of Everyday Things: Revised and Expanded Edition},
  publisher =    {Basic Books},
  year =     2013}

@Book{colborne,
  author =   {Giles Colborne},
  title =    {Simple and Usable: web, mobile and interaction design},
  publisher =    {New Riders},
  year =     2010}

@Book{uxpin-webui,
  author =   {Jerry Cao and Kamil Zieba and Krzysztof Stryjewski and Matt Ellis},
  title =    {Web UI Design for the Human Eye: colors, space, contrast},
  publisher =    {UXPin},
  year =     2015}

@Book{uxpin-wireframing,
  author =   {Jerry Cao and Tom Green and Marek Bowers},
  title =    {The guide to interactive wireframing},
  publisher =    {UXPin},
  year =     2015}

@Book{hci-enc,
  author =   {Mads Soegaard and Rikke Friis Dam},
  title =    {The Encyclopedia of Human-Computer Interaction: 2nd Ed.},
  url =    {https://www.interaction-design.org/literature/book/the-encyclopedia-of-human-computer-interaction-2nd-ed},
  year =     2015}

@Inbook{nielsen,
  author =   {Jakob Nielsen},
  title =    {Response Times: The 3 Important Limits},
  booktitle = {Usability Engineering},
  chapter = 5,
  publisher = {Morgan Kaufmann Pub},
  year =     1993}

@Book{material,
  author =   {Google},
  title =    {Material design guidelines: animation},
  url =    {https://www.google.com/design/spec/animation},
  year =     2014}

@Article{paulirish,
  author =   {Paul Irish},
  title =    {Perf Audits for Blink & DevTools, CNet, Wikipedia, Time},
  url =    {https://docs.google.com/document/d/1K-mKOqiUiSjgZTEscBLjtjd6E67oiK8H2ztOiq5tigk/pub},
  year =   2015}

@Article{paulirish-reddit,
  author =   {Paul Irish},
  title = {Perf audit: Loading performance},
  url =    {https://github.com/reddit/reddit-mobile/issues/247},
  year =    2015}

@Article{paullewis-perf,
  author =   {Paul Lewis},
  title = {Pixels are expensive},
  url =    {https://aerotwist.com/blog/pixels-are-expensive},
  year =    2014}

@Article{paullewis-csstriggers,
  author =   {Paul Lewis},
  title = {CSS Triggers},
  url =    {https://aerotwist.com/blog/css-triggers},
  year =    2014}

@Book{rail,
  author =   {Meggin Kearny},
  title =    {The RAIL Performance Model},
  url =    {https://developers.google.com/web/tools/chrome-devtools/profile/evaluate-performance/rail},
  year =     2014}

@Book{osmani-patterns,
  author =   {Addy Osmani},
  title =    {Learning JavaScript Design Patterns},
  publisher =    {O'Reilly Media},
  year =     2012}
  
@Book{ydkjs,
  author =   {Kyle Simpson},
  title =    {You Don't Know JS},
  publisher =    {O'Reilly Media},
  year =     2015}

@Book{osmani-appshell,
  author =   {Addy Osmani and Matt Gaunt},
  title =    {Instant Loading Web Apps With An Application Shell Architecture},
  url =    {https://medium.com/google-developers/instant-loading-web-apps-with-an-application-shell-architecture-7c0c2f10c73#.qc9uk4w7d},
  year =     2015}

@Article{browsers,
  author =   {Paul Irish and Tali Garsiel},
  title =    {How Browsers Work: Behind the scenes of modern web browsers},
  url = {http://www.html5rocks.com/en/tutorials/internals/howbrowserswork},
  year =     2011}

@Article{styleguide,
  author =   {Addy Osmani},
  title =    {JavaScript Style Guides And Beautifiers},
  url = {https://addyosmani.com/blog/javascript-style-guides-and-beautifiers},
  year =     2012}
  
@Article{gulp,
  author = {Nicolas Bevacqua},
  title = {Choose: Grunt, Gulp, or npm?},
  url = {https://ponyfoo.com/articles/choose-grunt-gulp-or-npm},
  year =  2014}

@Article{animations,
  author = {Paul Stamatiou},
  title = {Provide meaning with motion: Why motion design is now a required skill for designers},
  url = {http://paulstamatiou.com/design-provide-meaning-with-motion/},
  year = 2014}

@Article{animations-ux,
  author = {Val Head},
  title = {UI Animation and UX: A Not-So-Secret Friendship},
  url = {http://alistapart.com/article/ui-animation-and-ux-a-not-so-secret-friendship},
  year = 2014}

@Article{perfmatters1,
  author = {Denys Mishunov},
  title = {Why Performance Matters, Part 1: The Perception Of Time},
  url = {https://goo.gl/30cXag},
  year = 2015}

@Article{perfmatters2,
  author = {Denys Mishunov},
  title = {Why Performance Matters, Part 2: Perception Management},
  url = {https://goo.gl/VLmJhM},
  year = 2015}

@Article{perfmatters3,
  author = {Denys Mishunov},
  title = {Why Performance Matters, Part 3: Tolerance Management},
  url = {https://goo.gl/LOei45},
  year = 2015}